<record><leader>00000cas a2200000 a 4500</leader><controlfield tag="001">49734418</controlfield><controlfield tag="006">m     o  d        </controlfield><controlfield tag="007">cr cn|||||||||</controlfield><controlfield tag="008">020507c20009999hiudx nso     0    0eng c</controlfield><datafield ind1=" " ind2=" " tag="010"><subfield code="a">  2002252811</subfield></datafield><datafield ind1=" " ind2=" " tag="040"><subfield code="a">WAU</subfield><subfield code="b">eng</subfield><subfield code="c">WAU</subfield><subfield code="d">OCLCQ</subfield><subfield code="d">OCLCO</subfield><subfield code="d">OCLCQ</subfield><subfield code="d">OCLCF</subfield></datafield><datafield ind1="1" ind2=" " tag="029"><subfield code="a">AU@</subfield><subfield code="b">000023559537</subfield></datafield><datafield ind1=" " ind2=" " tag="042"><subfield code="a">pcc</subfield></datafield><datafield ind1=" " ind2=" " tag="043"><subfield code="a">a-ii---</subfield></datafield><datafield ind1="0" ind2="0" tag="245"><subfield code="a">Hindu press international</subfield><subfield code="h">[electronic resource] :</subfield><subfield code="b">HPI.</subfield></datafield><datafield ind1="3" ind2="0" tag="246"><subfield code="a">HPI</subfield></datafield><datafield ind1="1" ind2=" " tag="246"><subfield code="i">Also known as:</subfield><subfield code="a">Hindu press international daily news summary</subfield></datafield><datafield ind1="3" ind2=" " tag="246"><subfield code="a">HPI daily news summary</subfield></datafield><datafield ind1="3" ind2="0" tag="246"><subfield code="a">Daily news summary</subfield></datafield><datafield ind1=" " ind2=" " tag="260"><subfield code="a">[Kapaa, HI :</subfield><subfield code="b">Himalayan Academy]</subfield></datafield><datafield ind1="0" ind2=" " tag="362"><subfield code="a">Nov. 1, 2000-</subfield></datafield><datafield ind1=" " ind2=" " tag="500"><subfield code="a">Title from journal home page (viewed May 2, 2002).</subfield></datafield><datafield ind1=" " ind2=" " tag="538"><subfield code="a">Mode of access: World Wide Web.</subfield></datafield><datafield ind1=" " ind2=" " tag="588"><subfield code="a">Latest issue consulted: May 2, 2002.</subfield></datafield><datafield ind1=" " ind2="0" tag="650"><subfield code="a">Hinduism</subfield><subfield code="v">Newspapers.</subfield></datafield><datafield ind1=" " ind2="0" tag="651"><subfield code="a">India</subfield><subfield code="v">Newspapers.</subfield></datafield><datafield ind1=" " ind2="7" tag="655"><subfield code="a">Newspapers.</subfield><subfield code="2">fast</subfield><subfield code="0">(OCoLC)fst01423814</subfield></datafield><datafield ind1=" " ind2="7" tag="650"><subfield code="a">Hinduism.</subfield><subfield code="2">fast</subfield><subfield code="0">(OCoLC)fst00957121</subfield></datafield><datafield ind1=" " ind2="7" tag="651"><subfield code="a">India.</subfield><subfield code="2">fast</subfield><subfield code="0">(OCoLC)fst01210276</subfield></datafield><datafield ind1=" " ind2=" " tag="752"><subfield code="a">United States</subfield><subfield code="b">Hawaii</subfield><subfield code="c">Kauai</subfield><subfield code="d">Kapaa.</subfield></datafield><datafield ind1="4" ind2="0" tag="856"><subfield code="u">http://www.hinduismtoday.com/hpi/</subfield><subfield code="u">http://bibpurl.oclc.org/web/1490</subfield></datafield></record>